@inproceedings{Lourenco:12,
 author = {Louren\c{c}o, Nuno and Pereira, Francisco and Costa, Ernesto},
 title = {{Evolving Evolutionary Algorithms}},
 booktitle = {Proceedings of GECCO 2012 - Genetic And Evolutionary Computation Conference},
 series = {GECCO Companion '12},
 year = {2012},
 isbn = {978-1-4503-1178-6},
 location = {Philadelphia, Pennsylvania, USA},
 pages = {51--58},
 numpages = {8},
 url = {http://doi.acm.org/10.1145/2330784.2330794},
 doi = {10.1145/2330784.2330794},
 acmid = {2330794},
 publisher = {ACM},
 address = {New York, NY, USA},
 keywords = {automatic evolution, evolutionary algorithms, hyper-heurisitics},
} 

@article{Diosan:09,
 author = {Dio\c{s}an, Laura and Oltean, Mihai},
 title = {{Evolutionary Design of Evolutionary Algorithms}},
 journal = {Genetic Programming and Evolvable Machines},
 issue_date = {September 2009},
 volume = {10},
 number = {3},
 month = sep,
 year = {2009},
 issn = {1389-2576},
 pages = {263--306},
 numpages = {44},
 url = {http://dx.doi.org/10.1007/s10710-009-9081-6},
 doi = {10.1007/s10710-009-9081-6},
 acmid = {1612710},
 publisher = {Kluwer Academic Publishers},
 address = {Hingham, MA, USA},
 keywords = {Evolving evolutionary algorithms, Function optimization, Genetic algorithms, Meta genetic programming},
}

@inproceedings{Diosan:07,
 author = {Diosan, Laura Silvia and Oltean, Mihai},
 title = {{Evolving Evolutionary Algorithms Using Evolutionary Algorithms}},
 booktitle = {Proceedings of GECCO 2007 - Genetic And Evolutionary Computation Conference},
 series = {GECCO '07},
 year = {2007},
 isbn = {978-1-59593-698-1},
 location = {London, United Kingdom},
 pages = {2442--2449},
 numpages = {8},
 url = {http://doi.acm.org/10.1145/1274000.1274008},
 doi = {10.1145/1274000.1274008},
 acmid = {1274008},
 publisher = {ACM},
 address = {New York, NY, USA},
 keywords = {evolutionary algorithms, function optimisation, genetic algorithms},
}

@article{Oltean:05,
 author = {Oltean, Mihai},
 title = {{Evolving Evolutionary Algorithms Using Linear Genetic Programming}},
 journal = {Evol. Comput.},
 issue_date = {September 2005},
 volume = {13},
 number = {3},
 month = {Sept.},
 year = {2005},
 issn = {1063-6560},
 pages = {387--410},
 numpages = {24},
 url = {http://dx.doi.org/10.1162/1063656054794815},
 doi = {10.1162/1063656054794815},
 acmid = {1109027},
 publisher = {MIT Press},
 address = {Cambridge, MA, USA},
}

@INPROCEEDINGS{Oltean:03,
 author = {Mihai Oltean and Crina Grosan},
 title = {{Evolving Evolutionary Algorithms Using Multi Expression Programming}},
 booktitle = {Proceedings of The 7th European Conference on Artificial Life},
 year = {2003},
 pages = {651--658},
 publisher = {Springer-Verlag}
}
 

@ARTICLE{Wolpert:97,
 author={Wolpert, D.H. and Macready, W.G.},
 journal={IEEE Transactions on Evolutionary Computation}, title={{No Free Lunch Theorems For Optimization}},
 year={1997},
 month={Apr.},
 volume={1},
 number={1},
 pages={67--82},
 keywords={Algorithm design and analysis;Bayesian methods;Evolutionary computation;Helium;Information theory;Iron;Minimax techniques;Performance analysis;Probability distribution;Simulated annealing;combinatorial mathematics;genetic algorithms;information theory;search problems;a priori head-to-head minimax distinctions;elevated performance;geometric interpretation;information-theoretic aspects;no free lunch theorems;optimization;time-varying optimization;},
 doi={10.1109/4235.585893},
 ISSN={1089-778X},i
}

@incollection{Ryan:98,
  title={Grammatical evolution: Evolving programs for an arbitrary language},
  author={Ryan, Conor and Collins, JJ and Neill, Michael O},
  booktitle={Genetic Programming},
  pages={83--96},
  year={1998},
  publisher={Springer}
}


@book{Koza:92,
 author = {Koza, John R.},
 title = {{Genetic Programming: On the Programming of Computers by Means of Natural Selection}},
 year = {1992},
 isbn = {0-262-11170-5},
 publisher = {MIT Press},
 address = {Cambridge, MA, USA},
}


@inproceedings{Goldman:11,
 author = {Goldman, Brian W. and Tauritz, Daniel R.},
 title = {{Self-Configuring Crossover}},
 booktitle = {Proceedings of GECCO 2011 - Genetic And Evolutionary Computation Conference},
 series = {GECCO '11},
 year = {2011},
 isbn = {978-1-4503-0690-4},
 location = {Dublin, Ireland},
 pages = {575--582},
 numpages = {8},
 url = {http://doi.acm.org/10.1145/2001858.2002051},
 doi = {10.1145/2001858.2002051},
 acmid = {2002051},
 publisher = {ACM},
 address = {New York, NY, USA},
 keywords = {dynamic crossover, linear genetic programming, parameter control, self-configuration},
} 
@INPROCEEDINGS{Smit:09,
author={Smit, S.K. and Eiben, A.E.},
booktitle={IEEE Congress on Evolutionary Computation, 2009. CEC '09 }, title={{Comparing Parameter Tuning Methods for Evolutionary Algorithms}},
year={2009},
month={May},
volume={},
number={},
pages={399--406},
keywords={Algorithm design and analysis;Cities and towns;Design methodology;Evolutionary computation;Fellows;Genetic mutations;Humans;Iterative algorithms;Optimization methods;Traveling salesman problems;evolutionary computation;evolutionary algorithms;human problem solving;parameter tuning methods;evolutionary algorithms;parameter tuning;},
doi={10.1109/CEC.2009.4982974},
ISSN={},}



@techreport{Edmonds:98,
  abstract = {The standard Genetic Programming approach is augmented
                 by co-evolving the genetic operators. To do this the
                 operators are coded as trees of indefinite length. In
                 order for this technique to work, the language that the
                 operators are defined in must be such that it preserves
                 the variation in the base population. This technique
                 can varied by adding further populations of operators
                 and changing which populations act as operators for
                 others, including itself, thus to provide a framework
                 for a whole set of augmented GP techniques. The
                 technique is tested on the parity problem. The pros and
                 cons of the technique are discussed.},
  added-at = {2008-06-19T17:35:00.000+0200},
  address = {Aytoun St., Manchester, M1 3GH. UK},
  author = {Edmonds, Bruce},
  biburl = {http://www.bibsonomy.org/bibtex/269f20f9a9b07bd489b9bfcb70a5e45e2/brazovayeye},
  institution = {Centre for Policy Modelling, Manchester Metropolitan
                 University, UK},
  interhash = {a0d979be2e741628feaf825540758601},
  intrahash = {69f20f9a9b07bd489b9bfcb70a5e45e2},
  keywords = {algorithms, automatic co-evolution genetic operators, programming,},
  month = {Jan.},
  notes = {see \cite{edmonds:2001:mGPcov}},
  number = {98-32},
  size = {18 pages},
  timestamp = {2008-06-19T17:35:00.000+0200},
  title = {{Meta-Genetic Programming: Co-evolving the Operators of
                 Variation}},
  type = {CPM Report},
  url = {http://www.cpm.mmu.ac.uk/cpmrep32.html},
  year = {1998}
}




@incollection{Angeline:96,
 author = {Angeline, Peter J.},
 title = {{Two Self-Adaptive Crossover Operators for Genetic Programming}},
 booktitle = {{Advances in Genetic Programming}},
 editor = {Angeline, Peter J. and Kinnear,Jr., Kenneth E.},
 year = {1996},
 isbn = {0-262-01158-1},
 pages = {89--109},
 numpages = {21},
 url = {http://dl.acm.org/citation.cfm?id=270195.270204},
 acmid = {270204},
 publisher = {MIT Press},
 address = {Cambridge, MA, USA},
}

@inproceedings{Goldman:12,
 author = {Goldman, Brian W. and Tauritz, Daniel R.},
 title = {{Supportive Coevolution}},
 booktitle = {Proceedings of GECCO 2012 Companion - Genetic And Evolutionary Computation Conference},
 series = {GECCO Companion '12},
 year = {2012},
 isbn = {978-1-4503-1178-6},
 location = {Philadelphia, Pennsylvania, USA},
 pages = {59--66},
 numpages = {8},
 url = {http://doi.acm.org/10.1145/2330784.2330795},
 doi = {10.1145/2330784.2330795},
 acmid = {2330795},
 publisher = {ACM},
 address = {New York, NY, USA},
 keywords = {coevolution, parameter control, self-adaptation, supportive coevolution},
} 



@ARTICLE{Eiben:97,
 author = {A. E. Eiben and Cees H.M. van Kemenade},
 title = {{Diagonal Crossover in Genetic Algorithms for Numerical Optimization}},
 journal = {Journal of Control and Cybernetics},
 year = {1997},
 volume = {26},
 pages = {447--465},
 number = {3}
}


@INPROCEEDINGS{Smorodkina:07,
author={Smorodkina, E. and Tauritz, D.},
booktitle={IEEE Congress on Evolutionary Computation, 2007. CEC '07 }, title={{Toward Automating EA Configuration: the Parent Selection Stage}},
month={Sept.},
year={2007},
pages={63--70},
keywords={genetic algorithms;mathematical operators;mathematics computing;EA configuration automation;SASADIPS method;evolutionary algorithms;evolutionary life-cycle;general-purpose problem solvers;genetic programming;mate selection operators;semiautonomous parent selection stage;Automatic control;Encoding;Evolutionary computation;Genetic programming;Humans;Testing},
doi={10.1109/CEC.2007.4424455},}



@inproceedings{Deb:92,
 author = {Deb, K. and Goldberg, D.},
 title = {{Analyzing Deception in Trap Functions}},
 booktitle = {Proceedings of FOGA II: the Second Workshop on Foundations of Genetic Algorithms},
 year = {1992},
 pages = {93--108},
} 

@inproceedings{Woodward:12,
 author = {Woodward, John R. and Swan, Jerry},
 title = {{The Automatic Generation of Mutation Operators for Genetic Algorithms}},
 booktitle = {Proceedings of GECCO 2012 - Genetic And Evolutionary Computation Conference},
 series = {GECCO Companion '12},
 year = {2012},
 isbn = {978-1-4503-1178-6},
 location = {Philadelphia, Pennsylvania, USA},
 pages = {67--74},
 numpages = {8},
 url = {http://doi.acm.org/10.1145/2330784.2330796},
 doi = {10.1145/2330784.2330796},
 acmid = {2330796},
 publisher = {ACM},
 address = {New York, NY, USA},
 keywords = {automatic design, genetic algorithms, genetic programming, hyper-heuristics},
} 

@ARTICLE{Deb:02,
author={Deb, K. and Pratap, A. and Agarwal, S. and Meyarivan, T.},
journal={IEEE Transactions on Evolutionary Computation }, title={{A Fast and Elitist Multiobjective Genetic Algorithm: NSGA-II}},
year={2002},
volume={6},
number={2},
pages={182--197},
keywords={Pareto distribution;computational complexity;constraint theory;convergence;genetic algorithms;operations research;simulation;sorting;NSGA-II;Nondominated Sorting Genetic Algorithm II;Pareto-archived evolution strategy;Pareto-optimal front;algorithm performance;computational complexity;constrained multi-objective problems;constraint handling;convergence;dominance definition;fast elitist multi-objective genetic algorithm;mating pool;multi-criterion decision making;multi-objective evolutionary algorithm;multi-objective optimization;nondominated sharing;nonlinear problem;objectives;parent/offspring population combination;population size;selection operator;simulation;solution fitness;solution spread;strength-Pareto evolutionary algorithm;Associate members;Computational complexity;Computational modeling;Constraint optimization;Decision making;Diversity reception;Evolutionary computation;Genetic algorithms;Sorting;Testing},
doi={10.1109/4235.996017},
ISSN={1089-778X},}



@inproceedings{Woodward:11,
 author = {Woodward, John Robert and Swan, Jerry},
 title = {{Automatically Designing Selection Heuristics}},
 booktitle = {Proceedings of GECCO 2011 - Genetic And Evolutionary Computation Conference},
 series = {GECCO '11},
 year = {2011},
 isbn = {978-1-4503-0690-4},
 location = {Dublin, Ireland},
 pages = {583--590},
 numpages = {8},
 url = {http://doi.acm.org/10.1145/2001858.2002052},
 doi = {10.1145/2001858.2002052},
 acmid = {2002052},
 publisher = {ACM},
 address = {New York, NY, USA},
 keywords = {algorithmic tuning, automatic design, genetic programming, selection heuristics},
} 

@inproceedings{Martin:13,
 author = {Martin, Matthew A. and Tauritz, Daniel R.},
 title = {{Evolving Black-box Search Algorithms Employing Genetic Programming}},
 booktitle = {Proceeding of the Fifteenth Annual Conference Companion on Genetic and Evolutionary Computation Conference Companion},
 series = {GECCO '13 Companion},
 year = {2013},
 isbn = {978-1-4503-1964-5},
 location = {Amsterdam, The Netherlands},
 pages = {1497--1504},
 numpages = {8},
 url = {http://doi.acm.org/10.1145/2464576.2482728},
 doi = {10.1145/2464576.2482728},
 acmid = {2482728},
 publisher = {ACM},
 address = {New York, NY, USA},
 keywords = {black-box search algorithms, evolutionary algorithms, genetic programming},
}

@inproceedings{Martin:14,
 author = {Martin, Matthew A. and Tauritz, Daniel R.},
 title = {{Multi-Sample Evolution of Robust Black-Box Search Algorithms}},
 booktitle = {Proceeding of the Sixteenth Annual Conference Companion on Genetic and Evolutionary Computation Conference Companion},
 series = {GECCO '14 Companion},
 year = {2014},
 location = {Vancouver, Canada},
 numpages = {8},
 publisher = {ACM},
 address = {New York, NY, USA},
}





@inproceedings{Lourenco:13,
 author = {Louren\c{c}o, Nuno and Pereira, Francisco Baptista and Costa, Ernesto},
 title = {{The Importance of the Learning Conditions in Hyper-heuristics}},
 booktitle = {Proceeding of the Fifteenth Annual Conference on Genetic and Evolutionary Computation Conference},
 series = {GECCO '13},
 year = {2013},
 isbn = {978-1-4503-1963-8},
 location = {Amsterdam, The Netherlands},
 pages = {1525--1532},
 numpages = {8},
 url = {http://doi.acm.org/10.1145/2463372.2463558},
 doi = {10.1145/2463372.2463558},
 acmid = {2463558},
 publisher = {ACM},
 address = {New York, NY, USA},
 keywords = {automatic evolution, evolutionary algorithms, hyper-heuristics},
}

@incollection{Woodward:09,
    year={2009},
    isbn={978-3-642-01798-8},
    booktitle={{Computational Intelligence}},
    volume={1},
    series={Intelligent Systems Reference Library},
    editor={Mumford, ChristineL. and Jain, LakhmiC.},
    doi={10.1007/978-3-642-01799-5_6},
    title={{Exploring Hyper-heuristic Methodologies with Genetic Programming}},
    url={http://dx.doi.org/10.1007/978-3-642-01799-5_6},
    publisher={Springer},
    author={Burke, EdmundK. and Hyde, MathewR. and Kendall, Graham and Ochoa, Gabriela and Ozcan, Ender and Woodward, JohnR.},
    pages={177-201}
}


 


@article{Eiben:11,

title = "Parameter tuning for configuring and analyzing evolutionary algorithms ",

journal = "Swarm and Evolutionary Computation ",

volume = "1",

number = "1",

pages = "19 - 31",

year = "2011",

note = "",

issn = "2210-6502",

doi = "http://dx.doi.org/10.1016/j.swevo.2011.02.001",

url = "http://www.sciencedirect.com/science/article/pii/S2210650211000022",

author = "A.E. Eiben and S.K. Smit",

keywords = "Evolutionary algorithms",

keywords = "Parameter tuning",

keywords = "Algorithm performance",

keywords = "Robustness",

keywords = "Experimental methodology "

}


@article{Erdos:59,
  title={On random graphs, I},
  author={Erd{\"o}s, Paul and R{\'e}nyi, Alfr{\'e}d},
  journal={Publicationes Mathematicae},
  volume={6},
  pages={290--297},
  year={1959}
}

@article{Erdos:60,
  title={On the evolution of random graphs},
  author={Erd{\"o}s, Paul and R{\'e}nyi, Alfr{\'e}d},
  journal={Publ. Math. Inst. Hung. Acad. Sci},
  volume={5},
  pages={17--61},
  year={1960}
}

@book{Wasserman:94,
  title={Social network analysis: Methods and applications},
  author={Wasserman, Stanley},
  volume={8},
  year={1994},
  publisher={Cambridge university press}
}

@article{Robins:07,
  title={An introduction to exponential random graph (< i> p</i>< sup>*</sup>) models for social networks},
  author={Robins, Garry and Pattison, Pip and Kalish, Yuval and Lusher, Dean},
  journal={Social networks},
  volume={29},
  number={2},
  pages={173--191},
  year={2007},
  publisher={Elsevier}
}

@article{Avin:07,
  title={On the cover time and mixing time of random geometric graphs},
  author={Avin, Chen and Ercal, Gunes},
  journal={Theoretical Computer Science},
  volume={380},
  number={1},
  pages={2--22},
  year={2007},
  publisher={Elsevier}
}

@article{Diaz:01,
  title={Approximating layout problems on random geometric graphs},
  author={D{\i}az, Josep and Penrose, Mathew D and Petit, Jordi and Serna, Mar{\i}a},
  journal={Journal of Algorithms},
  volume={39},
  number={1},
  pages={78--116},
  year={2001},
  publisher={Elsevier}
}


